<record><leader>00000cas a22000007a 4500</leader><controlfield tag="001">25733929</controlfield><controlfield tag="008">920429d18991900nyuwr ne      0    0eng d</controlfield><datafield ind1=" " ind2=" " tag="010"><subfield code="a">sn 92061590 </subfield></datafield><datafield ind1=" " ind2=" " tag="040"><subfield code="a">NYS</subfield><subfield code="b">eng</subfield><subfield code="c">NYS</subfield><subfield code="d">OCLCQ</subfield><subfield code="d">OCLCF</subfield><subfield code="d">OCLCO</subfield></datafield><datafield ind1=" " ind2=" " tag="042"><subfield code="a">msc</subfield></datafield><datafield ind1=" " ind2=" " tag="043"><subfield code="a">n-us-ny</subfield></datafield><datafield ind1="0" ind2=" " tag="130"><subfield code="a">Herkimer County record (Herkimer, N.Y. : 1899)</subfield></datafield><datafield ind1="1" ind2="4" tag="245"><subfield code="a">The Herkimer County record.</subfield></datafield><datafield ind1=" " ind2=" " tag="260"><subfield code="a">Herkimer, N.Y. :</subfield><subfield code="b">Root &amp; Horton,</subfield><subfield code="c">1889-1900.</subfield></datafield><datafield ind1=" " ind2=" " tag="300"><subfield code="a">2 v.</subfield></datafield><datafield ind1=" " ind2=" " tag="310"><subfield code="a">Weekly</subfield></datafield><datafield ind1="0" ind2=" " tag="362"><subfield code="a">Vol. 11, no. 22 (May 6, 1899)-v. 12, no. 39 (Sept. 18, 1900).</subfield></datafield><datafield ind1=" " ind2=" " tag="500"><subfield code="a">Published by: Small &amp; Getman &lt;Sept. 1900&gt;.</subfield></datafield><datafield ind1=" " ind2="0" tag="651"><subfield code="a">Herkimer (N.Y.)</subfield><subfield code="v">Newspapers.</subfield></datafield><datafield ind1=" " ind2="0" tag="651"><subfield code="a">Herkimer County (N.Y.)</subfield><subfield code="v">Newspapers.</subfield></datafield><datafield ind1=" " ind2="7" tag="655"><subfield code="a">Newspapers.</subfield><subfield code="2">fast</subfield><subfield code="0">(OCoLC)fst01423814</subfield></datafield><datafield ind1=" " ind2="7" tag="651"><subfield code="a">New York (State)</subfield><subfield code="z">Herkimer.</subfield><subfield code="2">fast</subfield><subfield code="0">(OCoLC)fst01213041</subfield></datafield><datafield ind1=" " ind2="7" tag="651"><subfield code="a">New York (State)</subfield><subfield code="z">Herkimer County.</subfield><subfield code="2">fast</subfield><subfield code="0">(OCoLC)fst01223285</subfield></datafield><datafield ind1=" " ind2=" " tag="752"><subfield code="a">United States</subfield><subfield code="b">New York</subfield><subfield code="c">Herkimer</subfield><subfield code="d">Herkimer.</subfield></datafield><datafield ind1="0" ind2="0" tag="780"><subfield code="t">Wide-awake Herkimer County record</subfield><subfield code="w">(DLC)sn 89071352</subfield><subfield code="w">(OCoLC)20126890</subfield></datafield><datafield ind1="0" ind2="0" tag="785"><subfield code="t">Weekly telegram-record</subfield><subfield code="w">(DLC)sn 92061591</subfield><subfield code="w">(OCoLC)25734408</subfield></datafield></record>